<?xml version="1.0" encoding="UTF-8"?><collection xmlns="http://www.loc.gov/MARC21/slim"><record><leader>00311nam--2200121-i-4500</leader><controlfield tag="001">000038244</controlfield><controlfield tag="002">20161230</controlfield><controlfield tag="005">20161230201041</controlfield><controlfield tag="008">060222s1000------------r-----000-0-eng-d</controlfield><datafield ind1=" " ind2=" " tag="100"><subfield code="a">Reinfeld, Fred</subfield></datafield><datafield ind1=" " ind2=" " tag="245"><subfield code="a">Uranium and other miracle metals</subfield></datafield><datafield ind1=" " ind2=" " tag="260"><subfield code="a">New York, Sterling Publ.Co.Inc., 1959, 128p</subfield></datafield><datafield ind1=" " ind2=" " tag="852"><subfield code="a">16488</subfield></datafield></record></collection>